@article{Fermi:1934sk,
      author         = "Fermi, E.",
      title          = "{Trends to a Theory of beta Radiation. (In Italian)}",
      booktitle      = "{Meeting of the Italian School of Physics and Weak
                        Interactions Bologna, Italy, April 26-28, 1984}",
      journal        = "Nuovo Cim.",
      volume         = "11",
      year           = "1934",
      pages          = "1-19",
      doi            = "10.1007/BF02959820",
      note           = "[,535(1934)]",
      SLACcitation   = "%%CITATION = NUCIA,11,1;%%"
}

@article{Fermi:1934hr,
      author         = "Fermi, E.",
      title          = "{An attempt of a theory of beta radiation. 1.}",
      journal        = "Z. Phys.",
      volume         = "88",
      year           = "1934",
      pages          = "161-177",
      doi            = "10.1007/BF01351864",
      reportNumber   = "UCRL-TRANS-726",
      SLACcitation   = "%%CITATION = ZEPYA,88,161;%%"
}
@article{Wu:1957my,
      author         = "Wu, C. S. and Ambler, E. and Hayward, R. W. and Hoppes,
                        D. D. and Hudson, R. P.",
      title          = "{Experimental Test of Parity Conservation in Beta Decay}",
      journal        = "Phys. Rev.",
      volume         = "105",
      year           = "1957",
      pages          = "1413-1414",
      doi            = "10.1103/PhysRev.105.1413",
      SLACcitation   = "%%CITATION = PHRVA,105,1413;%%"
}
@article{Yukawa:1935xg,
      author         = "Yukawa, Hideki",
      title          = "{On the Interaction of Elementary Particles I}",
      journal        = "Proc. Phys. Math. Soc. Jap.",
      volume         = "17",
      year           = "1935",
      pages          = "48-57",
      doi            = "10.1143/PTPS.1.1",
      note           = "[Prog. Theor. Phys. Suppl.1,1(1935)]",
      reportNumber   = "PRINT-92-0144",
      SLACcitation   = "%%CITATION = PPMJA,17,48;%%"
}
@book{Peskin:1995ev,
      author         = "Peskin, Michael E. and Schroeder, Daniel V.",
      title          = "{An Introduction to quantum field theory}",
      url            = "http://www.slac.stanford.edu/spires/find/books/www?cl=QC174.45%3AP4",
      journal        = "Reading, USA: Addison-Wesley (1995) 842 p",
      year           = "1995",
      reportNumber   = "ISBN-9780201503975",
      ISBN           = "9780201503975",
      SLACcitation   = "%%CITATION = ISBN-9780201503975;%%"
}
