@article{Aad:2012ux,
      author         = "Aad, Georges and others",
      title          = "{Measurement of the $t$-channel single top-quark
                        production cross section in $pp$ collisions at
                        $\sqrt{s}=7$ TeV with the ATLAS detector}",
      collaboration  = "ATLAS",
      journal        = "Phys. Lett.",
      volume         = "B717",
      year           = "2012",
      pages          = "330-350",
      doi            = "10.1016/j.physletb.2012.09.031",
      eprint         = "1205.3130",
      archivePrefix  = "arXiv",
      primaryClass   = "hep-ex",
      reportNumber   = "CERN-PH-EP-2012-082",
      SLACcitation   = "%%CITATION = ARXIV:1205.3130;%%"
}
@article{Moneta:2010pm,
      author         = "Moneta, Lorenzo and Belasco, Kevin and Cranmer, Kyle S.
                        and Kreiss, S. and Lazzaro, Alfio and Piparo, Danilo and
                        Schott, Gregory and Verkerke, Wouter and Wolf, Matthias",
      title          = "{The RooStats Project}",
      booktitle      = "{Proceedings, 13th International Workshop on Advanced
                        computing and analysis techniques in physics research
                        (ACAT2010): Jaipur, India, February 22-27, 2010}",
      journal        = "PoS",
      volume         = "ACAT2010",
      year           = "2010",
      pages          = "057",
      eprint         = "1009.1003",
      archivePrefix  = "arXiv",
      primaryClass   = "physics.data-an",
      SLACcitation   = "%%CITATION = ARXIV:1009.1003;%%"
}
@article{CMS:yva,
      title          = "{Combination of standard model Higgs boson searches and
                        measurements of the properties of the new boson with a
                        mass near 125 GeV}",
      collaboration  = "CMS",
      year           = "2013",
      reportNumber   = "CMS-PAS-HIG-13-005",
      SLACcitation   = "%%CITATION = CMS-PAS-HIG-13-005;%%"
}
@article{Aad:2013xqa,
      author         = "Aad, Georges and others",
      title          = "{Evidence for the spin-0 nature of the Higgs boson using
                        ATLAS data}",
      collaboration  = "ATLAS",
      journal        = "Phys. Lett.",
      volume         = "B726",
      year           = "2013",
      pages          = "120-144",
      doi            = "10.1016/j.physletb.2013.08.026",
      eprint         = "1307.1432",
      archivePrefix  = "arXiv",
      primaryClass   = "hep-ex",
      reportNumber   = "CERN-PH-EP-2013-102",
      SLACcitation   = "%%CITATION = ARXIV:1307.1432;%%"
}
@article{Nilles:1983ge,
      author         = "Nilles, Hans Peter",
      title          = "{Supersymmetry, Supergravity and Particle Physics}",
      journal        = "Phys. Rept.",
      volume         = "110",
      year           = "1984",
      pages          = "1-162",
      doi            = "10.1016/0370-1573(84)90008-5",
      reportNumber   = "UGVA-DPT-1983-12-412",
      SLACcitation   = "%%CITATION = PRPLC,110,1;%%"
}
@article{Haber:1984rc,
      author         = "Haber, Howard E. and Kane, Gordon L.",
      title          = "{The Search for Supersymmetry: Probing Physics Beyond the
                        Standard Model}",
      journal        = "Phys. Rept.",
      volume         = "117",
      year           = "1985",
      pages          = "75-263",
      doi            = "10.1016/0370-1573(85)90051-1",
      reportNumber   = "UM-HE-TH-83-17, SCIPP-85-47",
      SLACcitation   = "%%CITATION = PRPLC,117,75;%%"
}
@article{Barbieri:1987xf,
      author         = "Barbieri, Riccardo",
      title          = "{Looking Beyond the Standard Model: The Supersymmetric
                        Option}",
      journal        = "Riv. Nuovo Cim.",
      volume         = "11N4",
      year           = "1988",
      pages          = "1-45",
      doi            = "10.1007/BF02725953",
      reportNumber   = "IFUP-TH-33-87",
      SLACcitation   = "%%CITATION = RNCIB,11N4,1;%%"
}
@article{Ellis:1988er,
      author         = "Ellis, John R. and Gunion, J. F. and Haber, Howard E. and
                        Roszkowski, L. and Zwirner, F.",
      title          = "{Higgs Bosons in a Nonminimal Supersymmetric Model}",
      journal        = "Phys. Rev.",
      volume         = "D39",
      year           = "1989",
      pages          = "844",
      doi            = "10.1103/PhysRevD.39.844",
      reportNumber   = "SLAC-PUB-4565, UCD-88-07, LBL-25107, UCB/PTH/88/8,
                        SCIPP-88/07",
      SLACcitation   = "%%CITATION = PHRVA,D39,844;%%"
}
@article{Drees:1988fc,
      author         = "Drees, Manuel",
      title          = "{Supersymmetric Models with Extended Higgs Sector}",
      journal        = "Int. J. Mod. Phys.",
      volume         = "A4",
      year           = "1989",
      pages          = "3635",
      doi            = "10.1142/S0217751X89001448",
      reportNumber   = "MAD/PH/429",
      SLACcitation   = "%%CITATION = IMPAE,A4,3635;%%"
}
@article{Branco:2011iw,
      author         = "Branco, G. C. and Ferreira, P. M. and Lavoura, L. and
                        Rebelo, M. N. and Sher, Marc and Silva, Joao P.",
      title          = "{Theory and phenomenology of two-Higgs-doublet models}",
      journal        = "Phys. Rept.",
      volume         = "516",
      year           = "2012",
      pages          = "1-102",
      doi            = "10.1016/j.physrep.2012.02.002",
      eprint         = "1106.0034",
      archivePrefix  = "arXiv",
      primaryClass   = "hep-ph",
      SLACcitation   = "%%CITATION = ARXIV:1106.0034;%%"
}
@article{ATLAS:2013sla,
      title          = "{Combined coupling measurements of the Higgs-like boson
                        with the ATLAS detector using up to 25 fb$^{-1}$ of
                        proton-proton collision data}",
      collaboration  = "ATLAS",
      year           = "2013",
      reportNumber   = "ATLAS-CONF-2013-034",
      SLACcitation   = "%%CITATION = ATLAS-CONF-2013-034;%%"
}
@article{Khachatryan:2015cwa,
      author         = "Khachatryan, Vardan and others",
      title          = "{Search for a Higgs boson in the mass range from 145 to
                        1000 GeV decaying to a pair of W or Z bosons}",
      collaboration  = "CMS",
      journal        = "JHEP",
      volume         = "10",
      year           = "2015",
      pages          = "144",
      doi            = "10.1007/JHEP10(2015)144",
      eprint         = "1504.00936",
      archivePrefix  = "arXiv",
      primaryClass   = "hep-ex",
      reportNumber   = "CMS-HIG-13-031, CERN-PH-EP-2015-074",
      SLACcitation   = "%%CITATION = ARXIV:1504.00936;%%"
}
@article{TheATLAScollaboration:2013wia,
      author         = "The ATLAS collaboration",
      title          = "{Search for charged Higgs bosons in the $\tau$+jets final
                        state with pp collision data recorded at $\sqrt s=8$ TeV
                        with the ATLAS experiment}",
      collaboration  = "ATLAS",
      year           = "2013",
      reportNumber   = "ATLAS-CONF-2013-090",
      SLACcitation   = "%%CITATION = ATLAS-CONF-2013-090;%%"
}
@article{CMS:2014cdp,
      author         = "CMS Collaboration",
      title          = "{Search for charged Higgs bosons with the H+ to tau nu
                        decay channel in the fully hadronic final state at sqrt s
                        = 8 TeV}",
      collaboration  = "CMS",
      year           = "2014",
      reportNumber   = "CMS-PAS-HIG-14-020",
      SLACcitation   = "%%CITATION = CMS-PAS-HIG-14-020;%%"
}
@article{Aad:2013hla,
      author         = "Aad, Georges and others",
      title          = "{Search for a light charged Higgs boson in the decay
                        channel $H^+ \to c\bar{s}$ in $t\bar{t}$ events using pp
                        collisions at $\sqrt{s}$ = 7 TeV with the ATLAS detector}",
      collaboration  = "ATLAS",
      journal        = "Eur. Phys. J.",
      volume         = "C73",
      year           = "2013",
      number         = "6",
      pages          = "2465",
      doi            = "10.1140/epjc/s10052-013-2465-z",
      eprint         = "1302.3694",
      archivePrefix  = "arXiv",
      primaryClass   = "hep-ex",
      reportNumber   = "CERN-PH-EP-2012-338",
      SLACcitation   = "%%CITATION = ARXIV:1302.3694;%%"
}
@article{CMS:2014kga,
      author         = "CMS Collaboration",
      title          = "{Search for H+ to cs-bar decay}",
      collaboration  = "CMS",
      year           = "2014",
      reportNumber   = "CMS-PAS-HIG-13-035",
      SLACcitation   = "%%CITATION = CMS-PAS-HIG-13-035;%%"
}
@article{Khachatryan:2014wca,
      author         = "Khachatryan, Vardan and others",
      title          = "{Search for neutral MSSM Higgs bosons decaying to a pair
                        of tau leptons in pp collisions}",
      collaboration  = "CMS",
      journal        = "JHEP",
      volume         = "10",
      year           = "2014",
      pages          = "160",
      doi            = "10.1007/JHEP10(2014)160",
      eprint         = "1408.3316",
      archivePrefix  = "arXiv",
      primaryClass   = "hep-ex",
      reportNumber   = "CMS-HIG-13-021, CERN-PH-EP-2014-192",
      SLACcitation   = "%%CITATION = ARXIV:1408.3316;%%"
}
@article{Aad:2014vgg,
      author         = "Aad, Georges and others",
      title          = "{Search for neutral Higgs bosons of the minimal
                        supersymmetric standard model in pp collisions at
                        $\sqrt{s}$ = 8 TeV with the ATLAS detector}",
      collaboration  = "ATLAS",
      journal        = "JHEP",
      volume         = "11",
      year           = "2014",
      pages          = "056",
      doi            = "10.1007/JHEP11(2014)056",
      eprint         = "1409.6064",
      archivePrefix  = "arXiv",
      primaryClass   = "hep-ex",
      reportNumber   = "CERN-PH-EP-2014-210",
      SLACcitation   = "%%CITATION = ARXIV:1409.6064;%%"
}
@article{Donoghue:1978cj,
      author         = "Donoghue, John F. and Li, Ling Fong",
      title          = "{Properties of Charged Higgs Bosons}",
      journal        = "Phys. Rev.",
      volume         = "D19",
      year           = "1979",
      pages          = "945",
      doi            = "10.1103/PhysRevD.19.945",
      reportNumber   = "COO-3066-113",
      SLACcitation   = "%%CITATION = PHRVA,D19,945;%%"
}
@article{Curtin:2013fra,
      author         = "Curtin, David and others",
      title          = "{Exotic decays of the 125 GeV Higgs boson}",
      journal        = "Phys. Rev.",
      volume         = "D90",
      year           = "2014",
      number         = "7",
      pages          = "075004",
      doi            = "10.1103/PhysRevD.90.075004",
      eprint         = "1312.4992",
      archivePrefix  = "arXiv",
      primaryClass   = "hep-ph",
      reportNumber   = "YITP-13-47, PITT-PACC-1314",
      SLACcitation   = "%%CITATION = ARXIV:1312.4992;%%"
}
@article{Brownson:2013lka,
      author         = "Brownson, Eric and Craig, Nathaniel and Heintz, Ulrich
                        and Kukartsev, Gena and Narain, Meenakshi and Parashar,
                        Neeti and Stupak, John",
      title          = "{Heavy Higgs Scalars at Future Hadron Colliders (A
                        Snowmass Whitepaper)}",
      year           = "2013",
      eprint         = "1308.6334",
      archivePrefix  = "arXiv",
      primaryClass   = "hep-ex",
      SLACcitation   = "%%CITATION = ARXIV:1308.6334;%%"
}
@article{Coleppa:2014hxa,
      author         = "Coleppa, Baradhwaj and Kling, Felix and Su, Shufang",
      title          = "{Exotic Decays Of A Heavy Neutral Higgs Through HZ/AZ
                        Channel}",
      journal        = "JHEP",
      volume         = "09",
      year           = "2014",
      pages          = "161",
      doi            = "10.1007/JHEP09(2014)161",
      eprint         = "1404.1922",
      archivePrefix  = "arXiv",
      primaryClass   = "hep-ph",
      SLACcitation   = "%%CITATION = ARXIV:1404.1922;%%"
}
@article{Coleppa:2014cca,
      author         = "Coleppa, Baradhwaj and Kling, Felix and Su, Shufang",
      title          = "{Charged Higgs search via $AW^\pm/HW^\pm$ channel}",
      journal        = "JHEP",
      volume         = "12",
      year           = "2014",
      pages          = "148",
      doi            = "10.1007/JHEP12(2014)148",
      eprint         = "1408.4119",
      archivePrefix  = "arXiv",
      primaryClass   = "hep-ph",
      SLACcitation   = "%%CITATION = ARXIV:1408.4119;%%"
}
@article{Chatrchyan:2012xdj,
      author         = "Chatrchyan, Serguei and others",
      title          = "{Observation of a new boson at a mass of 125 GeV with the
                        CMS experiment at the LHC}",
      collaboration  = "CMS",
      journal        = "Phys. Lett.",
      volume         = "B716",
      year           = "2012",
      pages          = "30-61",
      doi            = "10.1016/j.physletb.2012.08.021",
      eprint         = "1207.7235",
      archivePrefix  = "arXiv",
      primaryClass   = "hep-ex",
      reportNumber   = "CMS-HIG-12-028, CERN-PH-EP-2012-220",
      SLACcitation   = "%%CITATION = ARXIV:1207.7235;%%"
}
@article{Haber:1978jt,
      author         = "Haber, H. E. and Kane, Gordon L. and Sterling, T.",
      title          = "{The Fermion Mass Scale and Possible Effects of Higgs
                        Bosons on Experimental Observables}",
      journal        = "Nucl. Phys.",
      volume         = "B161",
      year           = "1979",
      pages          = "493-532",
      doi            = "10.1016/0550-3213(79)90225-6",
      reportNumber   = "UM-HE-78-45",
      SLACcitation   = "%%CITATION = NUPHA,B161,493;%%"
}
@article{Hall:1981bc,
      author         = "Hall, Lawrence J. and Wise, Mark B.",
      title          = "{FLAVOR CHANGING HIGGS - BOSON COUPLINGS}",
      journal        = "Nucl. Phys.",
      volume         = "B187",
      year           = "1981",
      pages          = "397-408",
      doi            = "10.1016/0550-3213(81)90469-7",
      reportNumber   = "HUTP-81/A010",
      SLACcitation   = "%%CITATION = NUPHA,B187,397;%%"
}
@article{Li:2015lra,
      author         = "Li, Tong and Su, Shufang",
      title          = "{Exotic Higgs Decay via Charged Higgs}",
      journal        = "JHEP",
      volume         = "11",
      year           = "2015",
      pages          = "068",
      doi            = "10.1007/JHEP11(2015)068",
      eprint         = "1504.04381",
      archivePrefix  = "arXiv",
      primaryClass   = "hep-ph",
      reportNumber   = "COEPP-MN-15-3",
      SLACcitation   = "%%CITATION = ARXIV:1504.04381;%%"
}
@article{Aad:2012tfa,
      author         = "Aad, Georges and others",
      title          = "{Observation of a new particle in the search for the
                        Standard Model Higgs boson with the ATLAS detector at the
                        LHC}",
      collaboration  = "ATLAS",
      journal        = "Phys. Lett.",
      volume         = "B716",
      year           = "2012",
      pages          = "1-29",
      doi            = "10.1016/j.physletb.2012.08.020",
      eprint         = "1207.7214",
      archivePrefix  = "arXiv",
      primaryClass   = "hep-ex",
      reportNumber   = "CERN-PH-EP-2012-218",
      SLACcitation   = "%%CITATION = ARXIV:1207.7214;%%"
}
@inproceedings{Kidonakis:2012db,
      author         = "Kidonakis, Nikolaos",
      title          = "{Differential and total cross sections for top pair and
                        single top production}",
      booktitle      = "{Proceedings, 20th International Workshop on
                        Deep-Inelastic Scattering and Related Subjects (DIS 2012):
                        Bonn, Germany, March 26-30, 2012}",
      url            = "https://inspirehep.net/record/1114754/files/arXiv:1205.3453.pdf",
      year           = "2012",
      pages          = "831-834",
      doi            = "10.3204/DESY-PROC-2012-02/251",
      note           = "[,831(2012)]",
      eprint         = "1205.3453",
      archivePrefix  = "arXiv",
      primaryClass   = "hep-ph",
      SLACcitation   = "%%CITATION = ARXIV:1205.3453;%%"
}
@article{Das:2014fha,
      author         = "Das, Debottam and Mitzka, Lukas and Porod, Werner",
      title          = "{Discovery of Charged Higgs through {\gamma}{\gamma}
                        final states}",
      year           = "2014",
      eprint         = "1408.1704",
      archivePrefix  = "arXiv",
      primaryClass   = "hep-ph",
      SLACcitation   = "%%CITATION = ARXIV:1408.1704;%%"
}
@article{Hashemi:2011gy,
      author         = "Hashemi, Majid",
      title          = "{Observability of Light Charged Higgs Decay to Muon in
                        Top Quark Pair Events at LHC}",
      journal        = "Eur. Phys. J.",
      volume         = "C72",
      year           = "2012",
      pages          = "1994",
      doi            = "10.1140/epjc/s10052-012-1994-1",
      eprint         = "1109.5356",
      archivePrefix  = "arXiv",
      primaryClass   = "hep-ph",
      SLACcitation   = "%%CITATION = ARXIV:1109.5356;%%"
}
@article{Hashemi:2013kga,
      author         = "Hashemi, Majid",
      title          = "{Single Top Events as a Source of Light Charged Higgs in
                        the Fully Hadronic Final State at LHC}",
      journal        = "JHEP",
      volume         = "05",
      year           = "2013",
      pages          = "112",
      doi            = "10.1007/JHEP05(2013)112",
      eprint         = "1305.2096",
      archivePrefix  = "arXiv",
      primaryClass   = "hep-ph",
      SLACcitation   = "%%CITATION = ARXIV:1305.2096;%%"
}
@article{Guedes:2012eu,
      author         = "Guedes, Renato and Moretti, Stefano and Santos, Rui",
      title          = "{Charged Higgs bosons in single top production at the
                        LHC}",
      journal        = "JHEP",
      volume         = "10",
      year           = "2012",
      pages          = "119",
      doi            = "10.1007/JHEP10(2012)119",
      eprint         = "1207.4071",
      archivePrefix  = "arXiv",
      primaryClass   = "hep-ph",
      reportNumber   = "SHEP-12-02",
      SLACcitation   = "%%CITATION = ARXIV:1207.4071;%%"
}
@article{Han:2013mga,
      author         = "Han, Tao and Li, Tong and Su, Shufang and Wang, Lian-Tao",
      title          = "{Non-Decoupling MSSM Higgs Sector and Light
                        Superpartners}",
      journal        = "JHEP",
      volume         = "11",
      year           = "2013",
      pages          = "053",
      doi            = "10.1007/JHEP11(2013)053",
      eprint         = "1306.3229",
      archivePrefix  = "arXiv",
      primaryClass   = "hep-ph",
      SLACcitation   = "%%CITATION = ARXIV:1306.3229;%%"
}
@article{Mahmoudi:2009zx,
      author         = "Mahmoudi, Farvah and Stal, Oscar",
      title          = "{Flavor constraints on the two-Higgs-doublet model with
                        general Yukawa couplings}",
      journal        = "Phys. Rev.",
      volume         = "D81",
      year           = "2010",
      pages          = "035016",
      doi            = "10.1103/PhysRevD.81.035016",
      eprint         = "0907.1791",
      archivePrefix  = "arXiv",
      primaryClass   = "hep-ph",
      SLACcitation   = "%%CITATION = ARXIV:0907.1791;%%"
}
@article{Christensen:2013dra,
      author         = "Christensen, Neil D. and Han, Tao and Liu, Zhen and Su,
                        Shufang",
      title          = "{Low-Mass Higgs Bosons in the NMSSM and Their LHC
                        Implications}",
      journal        = "JHEP",
      volume         = "08",
      year           = "2013",
      pages          = "019",
      doi            = "10.1007/JHEP08(2013)019",
      eprint         = "1303.2113",
      archivePrefix  = "arXiv",
      primaryClass   = "hep-ph",
      reportNumber   = "PITT-PACC-1301",
      SLACcitation   = "%%CITATION = ARXIV:1303.2113;%%"
}
@article{Drees:1999sb,
      author         = "Drees, Manuel and Guchait, Monoranjan and Roy, D. P.",
      title          = "{Signature of charged to neutral Higgs boson decay at the
                        LHC in SUSY models}",
      journal        = "Phys. Lett.",
      volume         = "B471",
      year           = "1999",
      pages          = "39-44",
      doi            = "10.1016/S0370-2693(99)01329-5",
      eprint         = "hep-ph/9909266",
      archivePrefix  = "arXiv",
      primaryClass   = "hep-ph",
      reportNumber   = "TIFR-TH-99-42, KIAS-P-99079, DESY-99-132",
      SLACcitation   = "%%CITATION = HEP-PH/9909266;%%"
}
@article{Heinemeyer:2013tqa,
      author         = "Andersen, J R and others",
      editor         = "Heinemeyer, S and Mariotti, C and Passarino, G and
                        Tanaka, R",
      title          = "{Handbook of LHC Higgs Cross Sections: 3. Higgs
                        Properties}",
      collaboration  = "LHC Higgs Cross Section Working Group",
      doi            = "10.5170/CERN-2013-004",
      year           = "2013",
      eprint         = "1307.1347",
      archivePrefix  = "arXiv",
      primaryClass   = "hep-ph",
      reportNumber   = "CERN-2013-004, FERMILAB-CONF-13-667-T",
      SLACcitation   = "%%CITATION = ARXIV:1307.1347;%%"
}
@article{Coleppa:2013dya,
      author         = "Coleppa, Baradhwaj and Kling, Felix and Su, Shufang",
      title          = "{Constraining Type II 2HDM in Light of LHC Higgs
                        Searches}",
      journal        = "JHEP",
      volume         = "01",
      year           = "2014",
      pages          = "161",
      doi            = "10.1007/JHEP01(2014)161",
      eprint         = "1305.0002",
      archivePrefix  = "arXiv",
      primaryClass   = "hep-ph",
      SLACcitation   = "%%CITATION = ARXIV:1305.0002;%%"
}
@article{Gunion:1989we,
      author         = "Gunion, John F. and Haber, Howard E. and Kane, Gordon L.
                        and Dawson, Sally",
      title          = "{The Higgs Hunter's Guide}",
      journal        = "Front. Phys.",
      volume         = "80",
      year           = "2000",
      pages          = "1-404",
      reportNumber   = "SCIPP-89/13, UCD-89-4, BNL-41644",
      SLACcitation   = "%%CITATION = FRPHA,80,1;%%"
}
@article{Eriksson:2009ws,
      author         = "Eriksson, David and Rathsman, Johan and Stal, Oscar",
      title          = "{2HDMC: Two-Higgs-Doublet Model Calculator Physics and
                        Manual}",
      journal        = "Comput. Phys. Commun.",
      volume         = "181",
      year           = "2010",
      pages          = "189-205",
      doi            = "10.1016/j.cpc.2009.09.011",
      eprint         = "0902.0851",
      archivePrefix  = "arXiv",
      primaryClass   = "hep-ph",
      SLACcitation   = "%%CITATION = ARXIV:0902.0851;%%"
}
@article{CMS:2013eua,
      author         = "CMS Collaboration",
      title          = "{Search for extended Higgs sectors in the H to hh and A
                        to Zh channels in sqrt(s) = 8 TeV pp collisions with
                        multileptons and photons final states}",
      collaboration  = "CMS",
      year           = "2013",
      reportNumber   = "CMS-PAS-HIG-13-025",
      SLACcitation   = "%%CITATION = CMS-PAS-HIG-13-025;%%"
}
@article{Aad:2015wra,
      author         = "Aad, Georges and others",
      title          = "{Search for a CP-odd Higgs boson decaying to Zh in pp
                        collisions at $\sqrt{s} = 8$ TeV with the ATLAS
                        detector}",
      collaboration  = "ATLAS",
      journal        = "Phys. Lett.",
      volume         = "B744",
      year           = "2015",
      pages          = "163-183",
      doi            = "10.1016/j.physletb.2015.03.054",
      eprint         = "1502.04478",
      archivePrefix  = "arXiv",
      primaryClass   = "hep-ex",
      reportNumber   = "CERN-PH-EP-2015-013",
      SLACcitation   = "%%CITATION = ARXIV:1502.04478;%%"
}
@article{CMS:2014yra,
      author         = "CMS Collaboration",
      title          = "{Search for a pseudoscalar boson A decaying into a Z and
                        an h boson in the llbb final state}",
      collaboration  = "CMS",
      year           = "2014",
      reportNumber   = "CMS-PAS-HIG-14-011",
      SLACcitation   = "%%CITATION = CMS-PAS-HIG-14-011;%%"
}
@article{Enberg:2014pua,
      author         = "Enberg, Rikard and Klemm, William and Moretti, Stefano
                        and Munir, Shoaib and Wouda, Glenn",
      title          = "{Charged Higgs boson in the $W^\pm$ Higgs channel at the
                        Large Hadron Collider}",
      journal        = "Nucl. Phys.",
      volume         = "B893",
      year           = "2015",
      pages          = "420-442",
      doi            = "10.1016/j.nuclphysb.2015.02.001",
      eprint         = "1412.5814",
      archivePrefix  = "arXiv",
      primaryClass   = "hep-ph",
      SLACcitation   = "%%CITATION = ARXIV:1412.5814;%%"
}
@article{Chen:2014dma,
      author         = "Chen, Ning and Li, Jinmian and Liu, Yandong and Liu,
                        Zuowei",
      title          = "{LHC searches for the CP-odd Higgs by the jet
                        substructure analysis}",
      journal        = "Phys. Rev.",
      volume         = "D91",
      year           = "2015",
      number         = "7",
      pages          = "075002",
      doi            = "10.1103/PhysRevD.91.075002",
      eprint         = "1410.4447",
      archivePrefix  = "arXiv",
      primaryClass   = "hep-ph",
      reportNumber   = "ADP-14-28-T888",
      SLACcitation   = "%%CITATION = ARXIV:1410.4447;%%"
}
@article{Chen:2013emb,
      author         = "Chen, Ning and Du, Chun and Fang, Yaquan and Lü,
                        Lan-Chun",
      title          = "{LHC Searches for The Heavy Higgs Boson via Two B Jets
                        plus Diphoton}",
      journal        = "Phys. Rev.",
      volume         = "D89",
      year           = "2014",
      number         = "11",
      pages          = "115006",
      doi            = "10.1103/PhysRevD.89.115006",
      eprint         = "1312.7212",
      archivePrefix  = "arXiv",
      primaryClass   = "hep-ph",
      SLACcitation   = "%%CITATION = ARXIV:1312.7212;%%"
}
@article{Dorsch:2014qja,
      author         = "Dorsch, G. C. and Huber, S. J. and Mimasu, K. and No, J.
                        M.",
      title          = "{Echoes of the Electroweak Phase Transition: Discovering
                        a second Higgs doublet through $A_0 \rightarrow ZH_0$}",
      journal        = "Phys. Rev. Lett.",
      volume         = "113",
      year           = "2014",
      number         = "21",
      pages          = "211802",
      doi            = "10.1103/PhysRevLett.113.211802",
      eprint         = "1405.5537",
      archivePrefix  = "arXiv",
      primaryClass   = "hep-ph",
      SLACcitation   = "%%CITATION = ARXIV:1405.5537;%%"
}
@inproceedings{Anderson:2013kxz,
      author         = "Anderson, Jacob and others",
      title          = "{Snowmass Energy Frontier Simulations}",
      booktitle      = "{Proceedings, Community Summer Study 2013: Snowmass on
                        the Mississippi (CSS2013): Minneapolis, MN, USA, July
                        29-August 6, 2013}",
      url            = "https://inspirehep.net/record/1252716/files/arXiv:1309.1057.pdf",
      year           = "2013",
      eprint         = "1309.1057",
      archivePrefix  = "arXiv",
      primaryClass   = "hep-ex",
      reportNumber   = "FERMILAB-TM-2566-CMS-E-PPD",
      SLACcitation   = "%%CITATION = ARXIV:1309.1057;%%"
}
@article{Alwall:2011uj,
      author         = "Alwall, Johan and Herquet, Michel and Maltoni, Fabio and
                        Mattelaer, Olivier and Stelzer, Tim",
      title          = "{MadGraph 5 : Going Beyond}",
      journal        = "JHEP",
      volume         = "06",
      year           = "2011",
      pages          = "128",
      doi            = "10.1007/JHEP06(2011)128",
      eprint         = "1106.0522",
      archivePrefix  = "arXiv",
      primaryClass   = "hep-ph",
      reportNumber   = "FERMILAB-PUB-11-448-T",
      SLACcitation   = "%%CITATION = ARXIV:1106.0522;%%"
}
@article{Sjostrand:2006za,
      author         = "Sjostrand, Torbjorn and Mrenna, Stephen and Skands, Peter
                        Z.",
      title          = "{PYTHIA 6.4 Physics and Manual}",
      journal        = "JHEP",
      volume         = "05",
      year           = "2006",
      pages          = "026",
      doi            = "10.1088/1126-6708/2006/05/026",
      eprint         = "hep-ph/0603175",
      archivePrefix  = "arXiv",
      primaryClass   = "hep-ph",
      reportNumber   = "FERMILAB-PUB-06-052-CD-T, LU-TP-06-13",
      SLACcitation   = "%%CITATION = HEP-PH/0603175;%%"
}
@article{Kling:2012up,
      author         = "Kling, Felix and Plehn, Tilman and Takeuchi, Michihisa",
      title          = "{Tagging single Tops}",
      journal        = "Phys. Rev.",
      volume         = "D86",
      year           = "2012",
      pages          = "094029",
      doi            = "10.1103/PhysRevD.86.094029",
      eprint         = "1207.4787",
      archivePrefix  = "arXiv",
      primaryClass   = "hep-ph",
      SLACcitation   = "%%CITATION = ARXIV:1207.4787;%%"
}
