@article{ArkaniHamed:2004fb,
      author         = "Arkani-Hamed, Nima and Dimopoulos, Savas",
      title          = "{Supersymmetric unification without low energy
                        supersymmetry and signatures for fine-tuning at the LHC}",
      journal        = "JHEP",
      volume         = "06",
      year           = "2005",
      pages          = "073",
      doi            = "10.1088/1126-6708/2005/06/073",
      eprint         = "hep-th/0405159",
      archivePrefix  = "arXiv",
      primaryClass   = "hep-th",
      SLACcitation   = "%%CITATION = HEP-TH/0405159;%%"
}
@article{ATLAS:2016uwq,
      author         = "The ATLAS collaboration",
      title          = "{Search for supersymmetry with two and three leptons and
                        missing transverse momentum in the final state at
                        $\sqrt{s}=13$ TeV with the ATLAS detector}",
      collaboration  = "ATLAS",
      year           = "2016",
      reportNumber   = "ATLAS-CONF-2016-096",
      SLACcitation   = "%%CITATION = ATLAS-CONF-2016-096;%%"
}

@article{ATLAS:2016ety,
      author         = "The ATLAS collaboration",
      title          = "{Search for electroweak production of supersymmetric
                        particles in final states with tau leptons in $\sqrt{s} =$
                        13TeV pp collisions with the ATLAS detector}",
      collaboration  = "ATLAS",
      year           = "2016",
      reportNumber   = "ATLAS-CONF-2016-093",
      SLACcitation   = "%%CITATION = ATLAS-CONF-2016-093;%%"
}

@article{ATLAS:2016soo,
      author         = "The ATLAS collaboration",
      title          = "{Search for supersymmetry in events with four or more
                        leptons in $\sqrt{s}$ = 13 TeV pp collisions using
                        13.3,fb$^{âˆ’1}$ of ATLAS data.}",
      collaboration  = "ATLAS",
      year           = "2016",
      reportNumber   = "ATLAS-CONF-2016-075",
      SLACcitation   = "%%CITATION = ATLAS-CONF-2016-075;%%"
}

@article{Aad:2014vma,
      author         = "Aad, Georges and others",
      title          = "{Search for direct production of charginos, neutralinos
                        and sleptons in final states with two leptons and missing
                        transverse momentum in $pp$ collisions at $\sqrt{s} =$ 8
                        TeV with the ATLAS detector}",
      collaboration  = "ATLAS",
      journal        = "JHEP",
      volume         = "05",
      year           = "2014",
      pages          = "071",
      doi            = "10.1007/JHEP05(2014)071",
      eprint         = "1403.5294",
      archivePrefix  = "arXiv",
      primaryClass   = "hep-ex",
      reportNumber   = "CERN-PH-EP-2014-037",
      SLACcitation   = "%%CITATION = ARXIV:1403.5294;%%"
}

@article{Khachatryan:2016trj,
      author         = "Khachatryan, Vardan and others",
      title          = "{Search for electroweak production of charginos in final
                        states with two tau leptons in pp collisions at sqrt(s) =
                        8 TeV}",
      collaboration  = "CMS",
      journal        = "Submitted to: JHEP",
      year           = "2016",
      eprint         = "1610.04870",
      archivePrefix  = "arXiv",
      primaryClass   = "hep-ex",
      reportNumber   = "CMS-SUS-14-022, CERN-EP-2016-225",
      SLACcitation   = "%%CITATION = ARXIV:1610.04870;%%"
}

@article{Khachatryan:2016hns,
      author         = "Khachatryan, Vardan and others",
      title          = "{Search for supersymmetry in electroweak production with
                        photons and large missing transverse energy in pp
                        collisions at sqrt(s) = 8 TeV}",
      collaboration  = "CMS",
      journal        = "Phys. Lett.",
      volume         = "B759",
      year           = "2016",
      pages          = "479-500",
      doi            = "10.1016/j.physletb.2016.05.088",
      eprint         = "1602.08772",
      archivePrefix  = "arXiv",
      primaryClass   = "hep-ex",
      reportNumber   = "CMS-SUS-14-016, CERN-EP-2016-012",
      SLACcitation   = "%%CITATION = ARXIV:1602.08772;%%"
}

@article{Khachatryan:2015kxa,
      author         = "Khachatryan, Vardan and others",
      title          = "{Search for supersymmetry in the vector-boson fusion
                        topology in proton-proton collisions at $ \sqrt{s}=8 $
                        TeV}",
      collaboration  = "CMS",
      journal        = "JHEP",
      volume         = "11",
      year           = "2015",
      pages          = "189",
      doi            = "10.1007/JHEP11(2015)189",
      eprint         = "1508.07628",
      archivePrefix  = "arXiv",
      primaryClass   = "hep-ex",
      reportNumber   = "CMS-SUS-14-005, CERN-PH-EP-2015-213",
      SLACcitation   = "%%CITATION = ARXIV:1508.07628;%%"
}

@article{Khachatryan:2014mma,
      author         = "Khachatryan, Vardan and others",
      title          = "{Searches for electroweak neutralino and chargino
                        production in channels with Higgs, Z, and W bosons in pp
                        collisions at 8 TeV}",
      collaboration  = "CMS",
      journal        = "Phys. Rev.",
      volume         = "D90",
      year           = "2014",
      number         = "9",
      pages          = "092007",
      doi            = "10.1103/PhysRevD.90.092007",
      eprint         = "1409.3168",
      archivePrefix  = "arXiv",
      primaryClass   = "hep-ex",
      reportNumber   = "CMS-SUS-14-002, CERN-PH-EP-2014-216",
      SLACcitation   = "%%CITATION = ARXIV:1409.3168;%%"
}

@article{Khachatryan:2014qwa,
      author         = "Khachatryan, Vardan and others",
      title          = "{Searches for electroweak production of charginos,
                        neutralinos, and sleptons decaying to leptons and W, Z,
                        and Higgs bosons in pp collisions at 8 TeV}",
      collaboration  = "CMS",
      journal        = "Eur. Phys. J.",
      volume         = "C74",
      year           = "2014",
      number         = "9",
      pages          = "3036",
      doi            = "10.1140/epjc/s10052-014-3036-7",
      eprint         = "1405.7570",
      archivePrefix  = "arXiv",
      primaryClass   = "hep-ex",
      reportNumber   = "CMS-SUS-13-006, CERN-PH-EP-2014-098",
      SLACcitation   = "%%CITATION = ARXIV:1405.7570;%%"
}

@article{Chatrchyan:2013mya,
      author         = "Chatrchyan, Serguei and others",
      title          = "{Search for top squark and higgsino production using
                        diphoton Higgs boson decays}",
      collaboration  = "CMS",
      journal        = "Phys. Rev. Lett.",
      volume         = "112",
      year           = "2014",
      pages          = "161802",
      doi            = "10.1103/PhysRevLett.112.161802",
      eprint         = "1312.3310",
      archivePrefix  = "arXiv",
      primaryClass   = "hep-ex",
      reportNumber   = "CMS-SUS-13-014, CERN-PH-EP-2013-226",
      SLACcitation   = "%%CITATION = ARXIV:1312.3310;%%"
}

@article{Chatrchyan:2012pka,
      author         = "Chatrchyan, Serguei and others",
      title          = "{Search for electroweak production of charginos and
                        neutralinos using leptonic final states in $pp$ collisions
                        at $\sqrt{s}=7$ TeV}",
      collaboration  = "CMS",
      journal        = "JHEP",
      volume         = "11",
      year           = "2012",
      pages          = "147",
      doi            = "10.1007/JHEP11(2012)147",
      eprint         = "1209.6620",
      archivePrefix  = "arXiv",
      primaryClass   = "hep-ex",
      reportNumber   = "CMS-SUS-12-006, CERN-PH-EP-2012-273",
      SLACcitation   = "%%CITATION = ARXIV:1209.6620;%%"
}
% 100 TeV review papers
@article{Contino:2016spe,
      author         = "Contino, R. and others",
      title          = "{Physics at a 100 TeV pp collider: Higgs and EW symmetry
                        breaking studies}",
      year           = "2016",
      eprint         = "1606.09408",
      archivePrefix  = "arXiv",
      primaryClass   = "hep-ph",
      reportNumber   = "CERN-TH-2016-113",
      SLACcitation   = "%%CITATION = ARXIV:1606.09408;%%"
}
@article{Mangano:2016jyj,
      author         = "Mangano, M. L. and others",
      title          = "{Physics at a 100 TeV pp collider: Standard Model
                        processes}",
      year           = "2016",
      eprint         = "1607.01831",
      archivePrefix  = "arXiv",
      primaryClass   = "hep-ph",
      reportNumber   = "CERN-TH-2016-112, FERMILAB-FN-1021-T",
      SLACcitation   = "%%CITATION = ARXIV:1607.01831;%%"
}
@article{Golling:2016gvc,
      author         = "Golling, T. and others",
      title          = "{Physics at a 100 TeV pp collider: beyond the Standard
                        Model phenomena}",
      journal        = "Submitted to: Phys. Rept.",
      year           = "2016",
      eprint         = "1606.00947",
      archivePrefix  = "arXiv",
      primaryClass   = "hep-ph",
      reportNumber   = "CERN-TH-2016-111, FERMILAB-PUB-16-296-T",
      SLACcitation   = "%%CITATION = ARXIV:1606.00947;%%"
}

@inproceedings{Shelton:2013an,
      author         = "Shelton, Jessie",
      title          = "{Jet Substructure}",
      booktitle      = "{Proceedings, Theoretical Advanced Study Institute in
                        Elementary Particle Physics: Searching for New Physics at
                        Small and Large Scales (TASI 2012): Boulder, Colorado,
                        June 4-29, 2012}",
      year           = "2013",
      url            = "http://inspirehep.net/record/1217434/files/arXiv:1302.0260.pdf",
      pages          = "303-340",
      doi            = "10.1142/9789814525220_0007",
      eprint         = "1302.0260",
      archivePrefix  = "arXiv",
      primaryClass   = "hep-ph",
      SLACcitation   = "%%CITATION = ARXIV:1302.0260;%%"
}

@article{Schwartzman:2016jqu,
      author         = "Schwartzman, A. and Kagan, M. and Mackey, L. and Nachman,
                        B. and De Oliveira, L.",
      title          = "{Image Processing, Computer Vision, and Deep Learning:
                        new approaches to the analysis and physics interpretation
                        of LHC events}",
      booktitle      = "{Proceedings, 17th International Workshop on Advanced
                        Computing and Analysis Techniques in Physics Research
                        (ACAT 2016): Valparaiso, Chile, January 18-22, 2016}",
      journal        = "J. Phys. Conf. Ser.",
      volume         = "762",
      year           = "2016",
      number         = "1",
      pages          = "012035",
      doi            = "10.1088/1742-6596/762/1/012035",
      SLACcitation   = "%%CITATION = 00462,762,012035;%%"
}
@article{Aad:2015hea,
      author         = "Aad, Georges and others",
      title          = "{Search for photonic signatures of gauge-mediated
                        supersymmetry in 8 TeV pp collisions with the ATLAS
                        detector}",
      collaboration  = "ATLAS",
      journal        = "Phys. Rev.",
      volume         = "D92",
      year           = "2015",
      number         = "7",
      pages          = "072001",
      doi            = "10.1103/PhysRevD.92.072001",
      eprint         = "1507.05493",
      archivePrefix  = "arXiv",
      primaryClass   = "hep-ex",
      reportNumber   = "CERN-PH-EP-2015-168",
      SLACcitation   = "%%CITATION = ARXIV:1507.05493;%%"
}
@article{Khachatryan:2015exa,
      author         = "Khachatryan, Vardan and others",
      title          = "{Search for supersymmetry with photons in pp collisions
                        at $\sqrt{s}$=8â€‰â€‰TeV}",
      collaboration  = "CMS",
      journal        = "Phys. Rev.",
      volume         = "D92",
      year           = "2015",
      number         = "7",
      pages          = "072006",
      doi            = "10.1103/PhysRevD.92.072006",
      eprint         = "1507.02898",
      archivePrefix  = "arXiv",
      primaryClass   = "hep-ex",
      reportNumber   = "CMS-SUS-14-004, CERN-PH-EP-2015-129",
      SLACcitation   = "%%CITATION = ARXIV:1507.02898;%%"
}
@article{Chatrchyan:2012bba,
      author         = "Chatrchyan, Serguei and others",
      title          = "{Search for new physics in events with photons, jets, and
                        missing transverse energy in $pp$ collisions at
                        $\sqrt{s}=7$ TeV}",
      collaboration  = "CMS",
      journal        = "JHEP",
      volume         = "03",
      year           = "2013",
      pages          = "111",
      doi            = "10.1007/JHEP03(2013)111",
      eprint         = "1211.4784",
      archivePrefix  = "arXiv",
      primaryClass   = "hep-ex",
      reportNumber   = "CMS-SUS-12-001, CERN-PH-EP-2012-321",
      SLACcitation   = "%%CITATION = ARXIV:1211.4784;%%"
}
@article{CMS:2015loa,
      author         = "Khachatryan, Vardan and others",
      title          = "{Search for supersymmetry in events with a photon, a
                        lepton, and missing transverse momentum in pp collisions
                        at $\sqrt s=$ 8 TeV}",
      collaboration  = "CMS",
      journal        = "Phys. Lett.",
      volume         = "B757",
      year           = "2016",
      pages          = "6-31",
      doi            = "10.1016/j.physletb.2016.03.039",
      eprint         = "1508.01218",
      archivePrefix  = "arXiv",
      primaryClass   = "hep-ex",
      reportNumber   = "CMS-SUS-14-013, CERN-PH-EP-2015-169",
      SLACcitation   = "%%CITATION = ARXIV:1508.01218;%%"
}
@article{Brownson:2013lka,
      author         = "Brownson, Eric and Craig, Nathaniel and Heintz, Ulrich
                        and Kukartsev, Gena and Narain, Meenakshi and Parashar,
                        Neeti and Stupak, John",
      title          = "{Heavy Higgs Scalars at Future Hadron Colliders (A
                        Snowmass Whitepaper)}",
      year           = "2013",
      eprint         = "1308.6334",
      archivePrefix  = "arXiv",
      primaryClass   = "hep-ex",
      SLACcitation   = "%%CITATION = ARXIV:1308.6334;%%"
}
@article{Maitra:2014qea,
      author         = "Maitra, Ushoshi and Mukhopadhyaya, Biswarup and Nandi, S.
                        and Rai, Santosh Kumar and Shivaji, Ambresh",
      title          = "{Searching for an elusive charged Higgs boson at the
                        Large Hadron Collider}",
      journal        = "Phys. Rev.",
      volume         = "D89",
      year           = "2014",
      number         = "5",
      pages          = "055024",
      doi            = "10.1103/PhysRevD.89.055024",
      eprint         = "1401.1775",
      archivePrefix  = "arXiv",
      primaryClass   = "hep-ph",
      reportNumber   = "RECAPP-HRI-2014-001, OSU-HEP-14-01",
      SLACcitation   = "%%CITATION = ARXIV:1401.1775;%%"
}
@article{Basso:2012st,
      author         = "Basso, L. and Lipniacka, A. and Mahmoudi, F. and Moretti,
                        S. and Osland, P. and Pruna, G. M. and Purmohammadi, M.",
      title          = "{Probing the charged Higgs boson at the LHC in the
                        CP-violating type-II 2HDM}",
      journal        = "JHEP",
      volume         = "11",
      year           = "2012",
      pages          = "011",
      doi            = "10.1007/JHEP11(2012)011",
      eprint         = "1205.6569",
      archivePrefix  = "arXiv",
      primaryClass   = "hep-ph",
      reportNumber   = "CERN-PH-TH-2012-068, FR-PHENO-2012-005, SHEP-12-06",
      SLACcitation   = "%%CITATION = ARXIV:1205.6569;%%"
}
@article{Dermisek:2013cxa,
      author         = "Dermisek, Radovan and Hall, Jonathan P. and Lunghi,
                        Enrico and Shin, Seodong",
      title          = "{A New Avenue to Charged Higgs Discovery in Multi-Higgs
                        Models}",
      journal        = "JHEP",
      volume         = "04",
      year           = "2014",
      pages          = "140",
      doi            = "10.1007/JHEP04(2014)140",
      eprint         = "1311.7208",
      archivePrefix  = "arXiv",
      primaryClass   = "hep-ph",
      SLACcitation   = "%%CITATION = ARXIV:1311.7208;%%"
}
@article{Mohn:2005lda,
      author         = "Mohn, B. and Gollub, N. and Assamagan, K. A.",
      title          = "{The ATLAS discovery potential for a heavy Charged Higgs
                        boson in a large mass splitting MSSM scenario}",
      year           = "2005",
      reportNumber   = "ATL-PHYS-PUB-2005-017, ATL-COM-PHYS-2005-021,
                        CERN-ATL-COM-PHYS-2005-021",
      SLACcitation   = "%%CITATION = ATL-PHYS-PUB-2005-017;%%"
}
@article{Assamagan:2000ud,
      author         = "Assamagan, K. A.",
      title          = "{Signature of the charged Higgs decay H+- --> W h0 with
                        the ATLAS detector}",
      journal        = "Acta Phys. Polon.",
      volume         = "B31",
      year           = "2000",
      pages          = "881-893",
      SLACcitation   = "%%CITATION = APPOA,B31,881;%%"
}
@article{Hansen:2005fg,
      author         = "Hansen, C. and Gollub, N. and Assamagan, K. and Ekelof,
                        T.",
      title          = "{Discovery potential for a charged Higgs boson decaying
                        in the chargino-neutralino channel of the ATLAS detector
                        at the LHC}",
      journal        = "Eur. Phys. J.",
      volume         = "C44S2",
      year           = "2005",
      pages          = "1-9",
      doi            = "10.1140/epjcd/s2005-02-010-4,
                        10.1140/epjcd/s2005-03-005-9",
      note           = "[Erratum: Eur. Phys. J.C44S2,11(2005)]",
      eprint         = "hep-ph/0504216",
      archivePrefix  = "arXiv",
      primaryClass   = "hep-ph",
      reportNumber   = "SN-ATLAS-2005-050",
      SLACcitation   = "%%CITATION = HEP-PH/0504216;%%"
}
@article{Gunion:2002zf,
      author         = "Gunion, John F. and Haber, Howard E.",
      title          = "{The CP conserving two Higgs doublet model: The Approach
                        to the decoupling limit}",
      journal        = "Phys. Rev.",
      volume         = "D67",
      year           = "2003",
      pages          = "075019",
      doi            = "10.1103/PhysRevD.67.075019",
      eprint         = "hep-ph/0207010",
      archivePrefix  = "arXiv",
      primaryClass   = "hep-ph",
      reportNumber   = "SCIPP-02-10",
      SLACcitation   = "%%CITATION = HEP-PH/0207010;%%"
}
@article{Aad:2015pla,
      author         = "Aad, Georges and others",
      title          = "{Constraints on new phenomena via Higgs boson couplings
                        and invisible decays with the ATLAS detector}",
      collaboration  = "ATLAS",
      journal        = "JHEP",
      volume         = "11",
      year           = "2015",
      pages          = "206",
      doi            = "10.1007/JHEP11(2015)206",
      eprint         = "1509.00672",
      archivePrefix  = "arXiv",
      primaryClass   = "hep-ex",
      reportNumber   = "CERN-PH-EP-2015-191",
      SLACcitation   = "%%CITATION = ARXIV:1509.00672;%%"
}
@article{Dorsch:2016tab,
      author         = "Dorsch, G. C. and Huber, S. J. and Mimasu, K. and No, J.
                        M.",
      title          = "{Hierarchical versus degenerate 2HDM: The LHC run 1
                        legacy at the onset of run 2}",
      journal        = "Phys. Rev.",
      volume         = "D93",
      year           = "2016",
      number         = "11",
      pages          = "115033",
      doi            = "10.1103/PhysRevD.93.115033",
      eprint         = "1601.04545",
      archivePrefix  = "arXiv",
      primaryClass   = "hep-ph",
      reportNumber   = "DESY-15-240",
      SLACcitation   = "%%CITATION = ARXIV:1601.04545;%%"
}
@article{Griest:1990kh,
      author         = "Griest, Kim and Seckel, David",
      title          = "{Three exceptions in the calculation of relic
                        abundances}",
      journal        = "Phys. Rev.",
      volume         = "D43",
      year           = "1991",
      pages          = "3191-3203",
      doi            = "10.1103/PhysRevD.43.3191",
      reportNumber   = "CFPA-TH-90-001A, BA-90-79",
      SLACcitation   = "%%CITATION = PHRVA,D43,3191;%%"
}
@article{Aad:2012ux,
      author         = "Aad, Georges and others",
      title          = "{Measurement of the $t$-channel single top-quark
                        production cross section in $pp$ collisions at
                        $\sqrt{s}=7$ TeV with the ATLAS detector}",
      collaboration  = "ATLAS",
      journal        = "Phys. Lett.",
      volume         = "B717",
      year           = "2012",
      pages          = "330-350",
      doi            = "10.1016/j.physletb.2012.09.031",
      eprint         = "1205.3130",
      archivePrefix  = "arXiv",
      primaryClass   = "hep-ex",
      reportNumber   = "CERN-PH-EP-2012-082",
      SLACcitation   = "%%CITATION = ARXIV:1205.3130;%%"
}
@article{Moneta:2010pm,
      author         = "Moneta, Lorenzo and Belasco, Kevin and Cranmer, Kyle S.
                        and Kreiss, S. and Lazzaro, Alfio and Piparo, Danilo and
                        Schott, Gregory and Verkerke, Wouter and Wolf, Matthias",
      title          = "{The RooStats Project}",
      booktitle      = "{Proceedings, 13th International Workshop on Advanced
                        computing and analysis techniques in physics research
                        (ACAT2010): Jaipur, India, February 22-27, 2010}",
      journal        = "PoS",
      volume         = "ACAT2010",
      year           = "2010",
      pages          = "057",
      eprint         = "1009.1003",
      archivePrefix  = "arXiv",
      primaryClass   = "physics.data-an",
      SLACcitation   = "%%CITATION = ARXIV:1009.1003;%%"
}
@article{CMS:yva,
      title          = "{Combination of standard model Higgs boson searches and
                        measurements of the properties of the new boson with a
                        mass near 125 GeV}",
      collaboration  = "CMS",
      year           = "2013",
      reportNumber   = "CMS-PAS-HIG-13-005",
      SLACcitation   = "%%CITATION = CMS-PAS-HIG-13-005;%%"
}
@article{Aad:2013xqa,
      author         = "Aad, Georges and others",
      title          = "{Evidence for the spin-0 nature of the Higgs boson using
                        ATLAS data}",
      collaboration  = "ATLAS",
      journal        = "Phys. Lett.",
      volume         = "B726",
      year           = "2013",
      pages          = "120-144",
      doi            = "10.1016/j.physletb.2013.08.026",
      eprint         = "1307.1432",
      archivePrefix  = "arXiv",
      primaryClass   = "hep-ex",
      reportNumber   = "CERN-PH-EP-2013-102",
      SLACcitation   = "%%CITATION = ARXIV:1307.1432;%%"
}
@article{Nilles:1983ge,
      author         = "Nilles, Hans Peter",
      title          = "{Supersymmetry, Supergravity and Particle Physics}",
      journal        = "Phys. Rept.",
      volume         = "110",
      year           = "1984",
      pages          = "1-162",
      doi            = "10.1016/0370-1573(84)90008-5",
      reportNumber   = "UGVA-DPT-1983-12-412",
      SLACcitation   = "%%CITATION = PRPLC,110,1;%%"
}
@article{Haber:1984rc,
      author         = "Haber, Howard E. and Kane, Gordon L.",
      title          = "{The Search for Supersymmetry: Probing Physics Beyond the
                        Standard Model}",
      journal        = "Phys. Rept.",
      volume         = "117",
      year           = "1985",
      pages          = "75-263",
      doi            = "10.1016/0370-1573(85)90051-1",
      reportNumber   = "UM-HE-TH-83-17, SCIPP-85-47",
      SLACcitation   = "%%CITATION = PRPLC,117,75;%%"
}
@article{Barbieri:1987xf,
      author         = "Barbieri, Riccardo",
      title          = "{Looking Beyond the Standard Model: The Supersymmetric
                        Option}",
      journal        = "Riv. Nuovo Cim.",
      volume         = "11N4",
      year           = "1988",
      pages          = "1-45",
      doi            = "10.1007/BF02725953",
      reportNumber   = "IFUP-TH-33-87",
      SLACcitation   = "%%CITATION = RNCIB,11N4,1;%%"
}
@article{Ellis:1988er,
      author         = "Ellis, John R. and Gunion, J. F. and Haber, Howard E. and
                        Roszkowski, L. and Zwirner, F.",
      title          = "{Higgs Bosons in a Nonminimal Supersymmetric Model}",
      journal        = "Phys. Rev.",
      volume         = "D39",
      year           = "1989",
      pages          = "844",
      doi            = "10.1103/PhysRevD.39.844",
      reportNumber   = "SLAC-PUB-4565, UCD-88-07, LBL-25107, UCB/PTH/88/8,
                        SCIPP-88/07",
      SLACcitation   = "%%CITATION = PHRVA,D39,844;%%"
}
@article{Drees:1988fc,
      author         = "Drees, Manuel",
      title          = "{Supersymmetric Models with Extended Higgs Sector}",
      journal        = "Int. J. Mod. Phys.",
      volume         = "A4",
      year           = "1989",
      pages          = "3635",
      doi            = "10.1142/S0217751X89001448",
      reportNumber   = "MAD/PH/429",
      SLACcitation   = "%%CITATION = IMPAE,A4,3635;%%"
}
@article{Branco:2011iw,
      author         = "Branco, G. C. and Ferreira, P. M. and Lavoura, L. and
                        Rebelo, M. N. and Sher, Marc and Silva, Joao P.",
      title          = "{Theory and phenomenology of two-Higgs-doublet models}",
      journal        = "Phys. Rept.",
      volume         = "516",
      year           = "2012",
      pages          = "1-102",
      doi            = "10.1016/j.physrep.2012.02.002",
      eprint         = "1106.0034",
      archivePrefix  = "arXiv",
      primaryClass   = "hep-ph",
      SLACcitation   = "%%CITATION = ARXIV:1106.0034;%%"
}
@article{ATLAS:2013sla,
      title          = "{Combined coupling measurements of the Higgs-like boson
                        with the ATLAS detector using up to 25 fb$^{-1}$ of
                        proton-proton collision data}",
      collaboration  = "ATLAS",
      year           = "2013",
      reportNumber   = "ATLAS-CONF-2013-034",
      SLACcitation   = "%%CITATION = ATLAS-CONF-2013-034;%%"
}
@article{Khachatryan:2015cwa,
      author         = "Khachatryan, Vardan and others",
      title          = "{Search for a Higgs boson in the mass range from 145 to
                        1000 GeV decaying to a pair of W or Z bosons}",
      collaboration  = "CMS",
      journal        = "JHEP",
      volume         = "10",
      year           = "2015",
      pages          = "144",
      doi            = "10.1007/JHEP10(2015)144",
      eprint         = "1504.00936",
      archivePrefix  = "arXiv",
      primaryClass   = "hep-ex",
      reportNumber   = "CMS-HIG-13-031, CERN-PH-EP-2015-074",
      SLACcitation   = "%%CITATION = ARXIV:1504.00936;%%"
}
@article{TheATLAScollaboration:2013wia,
      author         = "The ATLAS collaboration",
      title          = "{Search for charged Higgs bosons in the $\tau$+jets final
                        state with pp collision data recorded at $\sqrt s=8$ TeV
                        with the ATLAS experiment}",
      collaboration  = "ATLAS",
      year           = "2013",
      reportNumber   = "ATLAS-CONF-2013-090",
      SLACcitation   = "%%CITATION = ATLAS-CONF-2013-090;%%"
}
@article{CMS:2014cdp,
      author         = "CMS Collaboration",
      title          = "{Search for charged Higgs bosons with the H+ to tau nu
                        decay channel in the fully hadronic final state at sqrt s
                        = 8 TeV}",
      collaboration  = "CMS",
      year           = "2014",
      reportNumber   = "CMS-PAS-HIG-14-020",
      SLACcitation   = "%%CITATION = CMS-PAS-HIG-14-020;%%"
}
@article{Aad:2013hla,
      author         = "Aad, Georges and others",
      title          = "{Search for a light charged Higgs boson in the decay
                        channel $H^+ \to c\bar{s}$ in $t\bar{t}$ events using pp
                        collisions at $\sqrt{s}$ = 7 TeV with the ATLAS detector}",
      collaboration  = "ATLAS",
      journal        = "Eur. Phys. J.",
      volume         = "C73",
      year           = "2013",
      number         = "6",
      pages          = "2465",
      doi            = "10.1140/epjc/s10052-013-2465-z",
      eprint         = "1302.3694",
      archivePrefix  = "arXiv",
      primaryClass   = "hep-ex",
      reportNumber   = "CERN-PH-EP-2012-338",
      SLACcitation   = "%%CITATION = ARXIV:1302.3694;%%"
}
@article{CMS:2014kga,
      author         = "CMS Collaboration",
      title          = "{Search for H+ to cs-bar decay}",
      collaboration  = "CMS",
      year           = "2014",
      reportNumber   = "CMS-PAS-HIG-13-035",
      SLACcitation   = "%%CITATION = CMS-PAS-HIG-13-035;%%"
}
@article{Khachatryan:2014wca,
      author         = "Khachatryan, Vardan and others",
      title          = "{Search for neutral MSSM Higgs bosons decaying to a pair
                        of tau leptons in pp collisions}",
      collaboration  = "CMS",
      journal        = "JHEP",
      volume         = "10",
      year           = "2014",
      pages          = "160",
      doi            = "10.1007/JHEP10(2014)160",
      eprint         = "1408.3316",
      archivePrefix  = "arXiv",
      primaryClass   = "hep-ex",
      reportNumber   = "CMS-HIG-13-021, CERN-PH-EP-2014-192",
      SLACcitation   = "%%CITATION = ARXIV:1408.3316;%%"
}
@article{Aad:2014vgg,
      author         = "Aad, Georges and others",
      title          = "{Search for neutral Higgs bosons of the minimal
                        supersymmetric standard model in pp collisions at
                        $\sqrt{s}$ = 8 TeV with the ATLAS detector}",
      collaboration  = "ATLAS",
      journal        = "JHEP",
      volume         = "11",
      year           = "2014",
      pages          = "056",
      doi            = "10.1007/JHEP11(2014)056",
      eprint         = "1409.6064",
      archivePrefix  = "arXiv",
      primaryClass   = "hep-ex",
      reportNumber   = "CERN-PH-EP-2014-210",
      SLACcitation   = "%%CITATION = ARXIV:1409.6064;%%"
}
@article{Donoghue:1978cj,
      author         = "Donoghue, John F. and Li, Ling Fong",
      title          = "{Properties of Charged Higgs Bosons}",
      journal        = "Phys. Rev.",
      volume         = "D19",
      year           = "1979",
      pages          = "945",
      doi            = "10.1103/PhysRevD.19.945",
      reportNumber   = "COO-3066-113",
      SLACcitation   = "%%CITATION = PHRVA,D19,945;%%"
}
@article{Curtin:2013fra,
      author         = "Curtin, David and others",
      title          = "{Exotic decays of the 125 GeV Higgs boson}",
      journal        = "Phys. Rev.",
      volume         = "D90",
      year           = "2014",
      number         = "7",
      pages          = "075004",
      doi            = "10.1103/PhysRevD.90.075004",
      eprint         = "1312.4992",
      archivePrefix  = "arXiv",
      primaryClass   = "hep-ph",
      reportNumber   = "YITP-13-47, PITT-PACC-1314",
      SLACcitation   = "%%CITATION = ARXIV:1312.4992;%%"
}
@article{Brownson:2013lka,
      author         = "Brownson, Eric and Craig, Nathaniel and Heintz, Ulrich
                        and Kukartsev, Gena and Narain, Meenakshi and Parashar,
                        Neeti and Stupak, John",
      title          = "{Heavy Higgs Scalars at Future Hadron Colliders (A
                        Snowmass Whitepaper)}",
      year           = "2013",
      eprint         = "1308.6334",
      archivePrefix  = "arXiv",
      primaryClass   = "hep-ex",
      SLACcitation   = "%%CITATION = ARXIV:1308.6334;%%"
}
@article{Coleppa:2014hxa,
      author         = "Coleppa, Baradhwaj and Kling, Felix and Su, Shufang",
      title          = "{Exotic Decays Of A Heavy Neutral Higgs Through HZ/AZ
                        Channel}",
      journal        = "JHEP",
      volume         = "09",
      year           = "2014",
      pages          = "161",
      doi            = "10.1007/JHEP09(2014)161",
      eprint         = "1404.1922",
      archivePrefix  = "arXiv",
      primaryClass   = "hep-ph",
      SLACcitation   = "%%CITATION = ARXIV:1404.1922;%%"
}
@article{Coleppa:2014cca,
      author         = "Coleppa, Baradhwaj and Kling, Felix and Su, Shufang",
      title          = "{Charged Higgs search via $AW^\pm/HW^\pm$ channel}",
      journal        = "JHEP",
      volume         = "12",
      year           = "2014",
      pages          = "148",
      doi            = "10.1007/JHEP12(2014)148",
      eprint         = "1408.4119",
      archivePrefix  = "arXiv",
      primaryClass   = "hep-ph",
      SLACcitation   = "%%CITATION = ARXIV:1408.4119;%%"
}
@article{Chatrchyan:2012xdj,
      author         = "Chatrchyan, Serguei and others",
      title          = "{Observation of a new boson at a mass of 125 GeV with the
                        CMS experiment at the LHC}",
      collaboration  = "CMS",
      journal        = "Phys. Lett.",
      volume         = "B716",
      year           = "2012",
      pages          = "30-61",
      doi            = "10.1016/j.physletb.2012.08.021",
      eprint         = "1207.7235",
      archivePrefix  = "arXiv",
      primaryClass   = "hep-ex",
      reportNumber   = "CMS-HIG-12-028, CERN-PH-EP-2012-220",
      SLACcitation   = "%%CITATION = ARXIV:1207.7235;%%"
}
@article{Haber:1978jt,
      author         = "Haber, H. E. and Kane, Gordon L. and Sterling, T.",
      title          = "{The Fermion Mass Scale and Possible Effects of Higgs
                        Bosons on Experimental Observables}",
      journal        = "Nucl. Phys.",
      volume         = "B161",
      year           = "1979",
      pages          = "493-532",
      doi            = "10.1016/0550-3213(79)90225-6",
      reportNumber   = "UM-HE-78-45",
      SLACcitation   = "%%CITATION = NUPHA,B161,493;%%"
}
@article{Hall:1981bc,
      author         = "Hall, Lawrence J. and Wise, Mark B.",
      title          = "{FLAVOR CHANGING HIGGS - BOSON COUPLINGS}",
      journal        = "Nucl. Phys.",
      volume         = "B187",
      year           = "1981",
      pages          = "397-408",
      doi            = "10.1016/0550-3213(81)90469-7",
      reportNumber   = "HUTP-81/A010",
      SLACcitation   = "%%CITATION = NUPHA,B187,397;%%"
}
@article{Li:2015lra,
      author         = "Li, Tong and Su, Shufang",
      title          = "{Exotic Higgs Decay via Charged Higgs}",
      journal        = "JHEP",
      volume         = "11",
      year           = "2015",
      pages          = "068",
      doi            = "10.1007/JHEP11(2015)068",
      eprint         = "1504.04381",
      archivePrefix  = "arXiv",
      primaryClass   = "hep-ph",
      reportNumber   = "COEPP-MN-15-3",
      SLACcitation   = "%%CITATION = ARXIV:1504.04381;%%"
}
@article{Aad:2012tfa,
      author         = "Aad, Georges and others",
      title          = "{Observation of a new particle in the search for the
                        Standard Model Higgs boson with the ATLAS detector at the
                        LHC}",
      collaboration  = "ATLAS",
      journal        = "Phys. Lett.",
      volume         = "B716",
      year           = "2012",
      pages          = "1-29",
      doi            = "10.1016/j.physletb.2012.08.020",
      eprint         = "1207.7214",
      archivePrefix  = "arXiv",
      primaryClass   = "hep-ex",
      reportNumber   = "CERN-PH-EP-2012-218",
      SLACcitation   = "%%CITATION = ARXIV:1207.7214;%%"
}
@inproceedings{Kidonakis:2012db,
      author         = "Kidonakis, Nikolaos",
      title          = "{Differential and total cross sections for top pair and
                        single top production}",
      booktitle      = "{Proceedings, 20th International Workshop on
                        Deep-Inelastic Scattering and Related Subjects (DIS 2012):
                        Bonn, Germany, March 26-30, 2012}",
      url            = "https://inspirehep.net/record/1114754/files/arXiv:1205.3453.pdf",
      year           = "2012",
      pages          = "831-834",
      doi            = "10.3204/DESY-PROC-2012-02/251",
      note           = "[,831(2012)]",
      eprint         = "1205.3453",
      archivePrefix  = "arXiv",
      primaryClass   = "hep-ph",
      SLACcitation   = "%%CITATION = ARXIV:1205.3453;%%"
}
@article{Das:2014fha,
      author         = "Das, Debottam and Mitzka, Lukas and Porod, Werner",
      title          = "{Discovery of Charged Higgs through {\gamma}{\gamma}
                        final states}",
      year           = "2014",
      eprint         = "1408.1704",
      archivePrefix  = "arXiv",
      primaryClass   = "hep-ph",
      SLACcitation   = "%%CITATION = ARXIV:1408.1704;%%"
}
@article{Hashemi:2011gy,
      author         = "Hashemi, Majid",
      title          = "{Observability of Light Charged Higgs Decay to Muon in
                        Top Quark Pair Events at LHC}",
      journal        = "Eur. Phys. J.",
      volume         = "C72",
      year           = "2012",
      pages          = "1994",
      doi            = "10.1140/epjc/s10052-012-1994-1",
      eprint         = "1109.5356",
      archivePrefix  = "arXiv",
      primaryClass   = "hep-ph",
      SLACcitation   = "%%CITATION = ARXIV:1109.5356;%%"
}
@article{Hashemi:2013kga,
      author         = "Hashemi, Majid",
      title          = "{Single Top Events as a Source of Light Charged Higgs in
                        the Fully Hadronic Final State at LHC}",
      journal        = "JHEP",
      volume         = "05",
      year           = "2013",
      pages          = "112",
      doi            = "10.1007/JHEP05(2013)112",
      eprint         = "1305.2096",
      archivePrefix  = "arXiv",
      primaryClass   = "hep-ph",
      SLACcitation   = "%%CITATION = ARXIV:1305.2096;%%"
}
@article{Guedes:2012eu,
      author         = "Guedes, Renato and Moretti, Stefano and Santos, Rui",
      title          = "{Charged Higgs bosons in single top production at the
                        LHC}",
      journal        = "JHEP",
      volume         = "10",
      year           = "2012",
      pages          = "119",
      doi            = "10.1007/JHEP10(2012)119",
      eprint         = "1207.4071",
      archivePrefix  = "arXiv",
      primaryClass   = "hep-ph",
      reportNumber   = "SHEP-12-02",
      SLACcitation   = "%%CITATION = ARXIV:1207.4071;%%"
}
@article{Han:2013mga,
      author         = "Han, Tao and Li, Tong and Su, Shufang and Wang, Lian-Tao",
      title          = "{Non-Decoupling MSSM Higgs Sector and Light
                        Superpartners}",
      journal        = "JHEP",
      volume         = "11",
      year           = "2013",
      pages          = "053",
      doi            = "10.1007/JHEP11(2013)053",
      eprint         = "1306.3229",
      archivePrefix  = "arXiv",
      primaryClass   = "hep-ph",
      SLACcitation   = "%%CITATION = ARXIV:1306.3229;%%"
}
@article{Mahmoudi:2009zx,
      author         = "Mahmoudi, Farvah and Stal, Oscar",
      title          = "{Flavor constraints on the two-Higgs-doublet model with
                        general Yukawa couplings}",
      journal        = "Phys. Rev.",
      volume         = "D81",
      year           = "2010",
      pages          = "035016",
      doi            = "10.1103/PhysRevD.81.035016",
      eprint         = "0907.1791",
      archivePrefix  = "arXiv",
      primaryClass   = "hep-ph",
      SLACcitation   = "%%CITATION = ARXIV:0907.1791;%%"
}
@article{Christensen:2013dra,
      author         = "Christensen, Neil D. and Han, Tao and Liu, Zhen and Su,
                        Shufang",
      title          = "{Low-Mass Higgs Bosons in the NMSSM and Their LHC
                        Implications}",
      journal        = "JHEP",
      volume         = "08",
      year           = "2013",
      pages          = "019",
      doi            = "10.1007/JHEP08(2013)019",
      eprint         = "1303.2113",
      archivePrefix  = "arXiv",
      primaryClass   = "hep-ph",
      reportNumber   = "PITT-PACC-1301",
      SLACcitation   = "%%CITATION = ARXIV:1303.2113;%%"
}
@article{Drees:1999sb,
      author         = "Drees, Manuel and Guchait, Monoranjan and Roy, D. P.",
      title          = "{Signature of charged to neutral Higgs boson decay at the
                        LHC in SUSY models}",
      journal        = "Phys. Lett.",
      volume         = "B471",
      year           = "1999",
      pages          = "39-44",
      doi            = "10.1016/S0370-2693(99)01329-5",
      eprint         = "hep-ph/9909266",
      archivePrefix  = "arXiv",
      primaryClass   = "hep-ph",
      reportNumber   = "TIFR-TH-99-42, KIAS-P-99079, DESY-99-132",
      SLACcitation   = "%%CITATION = HEP-PH/9909266;%%"
}
@article{Heinemeyer:2013tqa,
      author         = "Andersen, J R and others",
      editor         = "Heinemeyer, S and Mariotti, C and Passarino, G and
                        Tanaka, R",
      title          = "{Handbook of LHC Higgs Cross Sections: 3. Higgs
                        Properties}",
      collaboration  = "LHC Higgs Cross Section Working Group",
      doi            = "10.5170/CERN-2013-004",
      year           = "2013",
      eprint         = "1307.1347",
      archivePrefix  = "arXiv",
      primaryClass   = "hep-ph",
      reportNumber   = "CERN-2013-004, FERMILAB-CONF-13-667-T",
      SLACcitation   = "%%CITATION = ARXIV:1307.1347;%%"
}
@article{Coleppa:2013dya,
      author         = "Coleppa, Baradhwaj and Kling, Felix and Su, Shufang",
      title          = "{Constraining Type II 2HDM in Light of LHC Higgs
                        Searches}",
      journal        = "JHEP",
      volume         = "01",
      year           = "2014",
      pages          = "161",
      doi            = "10.1007/JHEP01(2014)161",
      eprint         = "1305.0002",
      archivePrefix  = "arXiv",
      primaryClass   = "hep-ph",
      SLACcitation   = "%%CITATION = ARXIV:1305.0002;%%"
}
@article{Gunion:1989we,
      author         = "Gunion, John F. and Haber, Howard E. and Kane, Gordon L.
                        and Dawson, Sally",
      title          = "{The Higgs Hunter's Guide}",
      journal        = "Front. Phys.",
      volume         = "80",
      year           = "2000",
      pages          = "1-404",
      reportNumber   = "SCIPP-89/13, UCD-89-4, BNL-41644",
      SLACcitation   = "%%CITATION = FRPHA,80,1;%%"
}
@article{Eriksson:2009ws,
      author         = "Eriksson, David and Rathsman, Johan and Stal, Oscar",
      title          = "{2HDMC: Two-Higgs-Doublet Model Calculator Physics and
                        Manual}",
      journal        = "Comput. Phys. Commun.",
      volume         = "181",
      year           = "2010",
      pages          = "189-205",
      doi            = "10.1016/j.cpc.2009.09.011",
      eprint         = "0902.0851",
      archivePrefix  = "arXiv",
      primaryClass   = "hep-ph",
      SLACcitation   = "%%CITATION = ARXIV:0902.0851;%%"
}
@article{CMS:2013eua,
      author         = "CMS Collaboration",
      title          = "{Search for extended Higgs sectors in the H to hh and A
                        to Zh channels in sqrt(s) = 8 TeV pp collisions with
                        multileptons and photons final states}",
      collaboration  = "CMS",
      year           = "2013",
      reportNumber   = "CMS-PAS-HIG-13-025",
      SLACcitation   = "%%CITATION = CMS-PAS-HIG-13-025;%%"
}
@article{Aad:2015wra,
      author         = "Aad, Georges and others",
      title          = "{Search for a CP-odd Higgs boson decaying to Zh in pp
                        collisions at $\sqrt{s} = 8$ TeV with the ATLAS
                        detector}",
      collaboration  = "ATLAS",
      journal        = "Phys. Lett.",
      volume         = "B744",
      year           = "2015",
      pages          = "163-183",
      doi            = "10.1016/j.physletb.2015.03.054",
      eprint         = "1502.04478",
      archivePrefix  = "arXiv",
      primaryClass   = "hep-ex",
      reportNumber   = "CERN-PH-EP-2015-013",
      SLACcitation   = "%%CITATION = ARXIV:1502.04478;%%"
}
@article{CMS:2014yra,
      author         = "CMS Collaboration",
      title          = "{Search for a pseudoscalar boson A decaying into a Z and
                        an h boson in the llbb final state}",
      collaboration  = "CMS",
      year           = "2014",
      reportNumber   = "CMS-PAS-HIG-14-011",
      SLACcitation   = "%%CITATION = CMS-PAS-HIG-14-011;%%"
}
@article{Enberg:2014pua,
      author         = "Enberg, Rikard and Klemm, William and Moretti, Stefano
                        and Munir, Shoaib and Wouda, Glenn",
      title          = "{Charged Higgs boson in the $W^\pm$ Higgs channel at the
                        Large Hadron Collider}",
      journal        = "Nucl. Phys.",
      volume         = "B893",
      year           = "2015",
      pages          = "420-442",
      doi            = "10.1016/j.nuclphysb.2015.02.001",
      eprint         = "1412.5814",
      archivePrefix  = "arXiv",
      primaryClass   = "hep-ph",
      SLACcitation   = "%%CITATION = ARXIV:1412.5814;%%"
}
@article{Chen:2014dma,
      author         = "Chen, Ning and Li, Jinmian and Liu, Yandong and Liu,
                        Zuowei",
      title          = "{LHC searches for the CP-odd Higgs by the jet
                        substructure analysis}",
      journal        = "Phys. Rev.",
      volume         = "D91",
      year           = "2015",
      number         = "7",
      pages          = "075002",
      doi            = "10.1103/PhysRevD.91.075002",
      eprint         = "1410.4447",
      archivePrefix  = "arXiv",
      primaryClass   = "hep-ph",
      reportNumber   = "ADP-14-28-T888",
      SLACcitation   = "%%CITATION = ARXIV:1410.4447;%%"
}
@article{Chen:2013emb,
      author         = "Chen, Ning and Du, Chun and Fang, Yaquan and LÃ¼,
                        Lan-Chun",
      title          = "{LHC Searches for The Heavy Higgs Boson via Two B Jets
                        plus Diphoton}",
      journal        = "Phys. Rev.",
      volume         = "D89",
      year           = "2014",
      number         = "11",
      pages          = "115006",
      doi            = "10.1103/PhysRevD.89.115006",
      eprint         = "1312.7212",
      archivePrefix  = "arXiv",
      primaryClass   = "hep-ph",
      SLACcitation   = "%%CITATION = ARXIV:1312.7212;%%"
}
@article{Dorsch:2014qja,
      author         = "Dorsch, G. C. and Huber, S. J. and Mimasu, K. and No, J.
                        M.",
      title          = "{Echoes of the Electroweak Phase Transition: Discovering
                        a second Higgs doublet through $A_0 \rightarrow ZH_0$}",
      journal        = "Phys. Rev. Lett.",
      volume         = "113",
      year           = "2014",
      number         = "21",
      pages          = "211802",
      doi            = "10.1103/PhysRevLett.113.211802",
      eprint         = "1405.5537",
      archivePrefix  = "arXiv",
      primaryClass   = "hep-ph",
      SLACcitation   = "%%CITATION = ARXIV:1405.5537;%%"
}
@inproceedings{Anderson:2013kxz,
      author         = "Anderson, Jacob and others",
      title          = "{Snowmass Energy Frontier Simulations}",
      booktitle      = "{Proceedings, Community Summer Study 2013: Snowmass on
                        the Mississippi (CSS2013): Minneapolis, MN, USA, July
                        29-August 6, 2013}",
      url            = "https://inspirehep.net/record/1252716/files/arXiv:1309.1057.pdf",
      year           = "2013",
      eprint         = "1309.1057",
      archivePrefix  = "arXiv",
      primaryClass   = "hep-ex",
      reportNumber   = "FERMILAB-TM-2566-CMS-E-PPD",
      SLACcitation   = "%%CITATION = ARXIV:1309.1057;%%"
}
@article{Alwall:2011uj,
      author         = "Alwall, Johan and Herquet, Michel and Maltoni, Fabio and
                        Mattelaer, Olivier and Stelzer, Tim",
      title          = "{MadGraph 5 : Going Beyond}",
      journal        = "JHEP",
      volume         = "06",
      year           = "2011",
      pages          = "128",
      doi            = "10.1007/JHEP06(2011)128",
      eprint         = "1106.0522",
      archivePrefix  = "arXiv",
      primaryClass   = "hep-ph",
      reportNumber   = "FERMILAB-PUB-11-448-T",
      SLACcitation   = "%%CITATION = ARXIV:1106.0522;%%"
}
@article{Sjostrand:2006za,
      author         = "Sjostrand, Torbjorn and Mrenna, Stephen and Skands, Peter
                        Z.",
      title          = "{PYTHIA 6.4 Physics and Manual}",
      journal        = "JHEP",
      volume         = "05",
      year           = "2006",
      pages          = "026",
      doi            = "10.1088/1126-6708/2006/05/026",
      eprint         = "hep-ph/0603175",
      archivePrefix  = "arXiv",
      primaryClass   = "hep-ph",
      reportNumber   = "FERMILAB-PUB-06-052-CD-T, LU-TP-06-13",
      SLACcitation   = "%%CITATION = HEP-PH/0603175;%%"
}
@article{Kling:2012up,
      author         = "Kling, Felix and Plehn, Tilman and Takeuchi, Michihisa",
      title          = "{Tagging single Tops}",
      journal        = "Phys. Rev.",
      volume         = "D86",
      year           = "2012",
      pages          = "094029",
      doi            = "10.1103/PhysRevD.86.094029",
      eprint         = "1207.4787",
      archivePrefix  = "arXiv",
      primaryClass   = "hep-ph",
      SLACcitation   = "%%CITATION = ARXIV:1207.4787;%%"
}
@article{Froggatt:1991qw,
      author         = "Froggatt, C. D. and Moorhouse, R. G. and Knowles, I. G.",
      title          = "{Leading radiative corrections in two scalar doublet
                        models}",
      journal        = "Phys. Rev.",
      volume         = "D45",
      year           = "1992",
      pages          = "2471-2481",
      doi            = "10.1103/PhysRevD.45.2471",
      reportNumber   = "ANL-HEP-PR-91-87, GUTPA-91-10-1",
      SLACcitation   = "%%CITATION = PHRVA,D45,2471;%%"
}
@article{Froggatt:1992wt,
      author         = "Froggatt, C. D. and Moorhouse, R. G. and Knowles, I. G.",
      title          = "{Two scalar doublet models with softly broken
                        symmetries}",
      journal        = "Nucl. Phys.",
      volume         = "B386",
      year           = "1992",
      pages          = "63-114",
      doi            = "10.1016/0550-3213(92)90176-C",
      reportNumber   = "ANL-HEP-PR-92-01, GUTPA-91-10-2",
      SLACcitation   = "%%CITATION = NUPHA,B386,63;%%"
}
@article{Pomarol:1993mu,
      author         = "Pomarol, Alex and Vega, Roberto",
      title          = "{Constraints on CP violation in the Higgs sector from the
                        rho parameter}",
      journal        = "Nucl. Phys.",
      volume         = "B413",
      year           = "1994",
      pages          = "3-15",
      doi            = "10.1016/0550-3213(94)90611-4",
      eprint         = "hep-ph/9305272",
      archivePrefix  = "arXiv",
      primaryClass   = "hep-ph",
      reportNumber   = "SLAC-PUB-6196, SCIPP-93-08, SMU-HEP-93-06",
      SLACcitation   = "%%CITATION = HEP-PH/9305272;%%"
}
@article{WahabElKaffas:2007xd,
      author         = "Wahab El Kaffas, Abdul and Osland, Per and Ogreid, Odd
                        Magne",
      title          = "{Constraining the Two-Higgs-Doublet-Model parameter
                        space}",
      journal        = "Phys. Rev.",
      volume         = "D76",
      year           = "2007",
      pages          = "095001",
      doi            = "10.1103/PhysRevD.76.095001",
      eprint         = "0706.2997",
      archivePrefix  = "arXiv",
      primaryClass   = "hep-ph",
      SLACcitation   = "%%CITATION = ARXIV:0706.2997;%%"
}
@article{Haber:2010bw,
      author         = "Haber, Howard E. and O'Neil, Deva",
      title          = "{Basis-independent methods for the two-Higgs-doublet
                        model III: The CP-conserving limit, custodial symmetry,
                        and the oblique parameters S, T, U}",
      journal        = "Phys. Rev.",
      volume         = "D83",
      year           = "2011",
      pages          = "055017",
      doi            = "10.1103/PhysRevD.83.055017",
      eprint         = "1011.6188",
      archivePrefix  = "arXiv",
      primaryClass   = "hep-ph",
      reportNumber   = "SCIPP-10-18",
      SLACcitation   = "%%CITATION = ARXIV:1011.6188;%%"
}
